<?xml version="1.0" encoding="UTF-8"?><record xmlns="http://www.loc.gov/MARC21/slim" xmlns:cinclude="http://apache.org/cocoon/include/1.0" xmlns:zs="http://www.loc.gov/zing/srw/">
  <leader>00599cz  a2200145n  4500</leader>
  <controlfield tag="001">n  89145988 </controlfield>
  <controlfield tag="003">DLC</controlfield>
  <controlfield tag="005">20141210083332.0</controlfield>
  <controlfield tag="008">910907n| azannaab           |a aaa      </controlfield>
  <datafield tag="010" ind1=" " ind2=" ">
    <subfield code="a">n  89145988 </subfield>
  </datafield>
  <datafield tag="040" ind1=" " ind2=" ">
    <subfield code="a">DLC</subfield>
    <subfield code="b">eng</subfield>
    <subfield code="e">rda</subfield>
    <subfield code="c">DLC</subfield>
    <subfield code="d">DLC</subfield>
  </datafield>
  <datafield tag="100" ind1="1" ind2=" ">
    <subfield code="a">Gradinarov, P. I.</subfield>
  </datafield>
  <datafield tag="400" ind1="1" ind2="0">
    <subfield code="a">Gradinarov, Plamen Ivanov</subfield>
  </datafield>
  <datafield tag="670" ind1=" " ind2=" ">
    <subfield code="a">His Phenomenology and Indian epistemology, 1990:</subfield>
    <subfield code="b">t.p. (P.I. Gradinarov) pref. (Dr. P. Gradinarov) jkt. (asso. prof., Academy of Social Sciences and Management, Sofia)</subfield>
  </datafield>
  <datafield tag="670" ind1=" " ind2=" ">
    <subfield code="a">Fenomenologiiď¸ aď¸Ą i metafizika, 1987:</subfield>
    <subfield code="b">t.p. (Plamen Gradinarov) verso t.p. (Plamen Ivanov Gradinarov)</subfield>
  </datafield>
</record>